@article{solomonik2014massively,
  author = {Solomonik, Edgar and Matthews, Devin and Hammond, Jeff R and Stanton, John F and Demmel, James},
  journal = {Journal of Parallel and Distributed Computing},
  number = {12},
  pages = {3176--3190},
  publisher = {Academic Press},
  title = {A massively parallel tensor contraction framework for coupled-cluster
computations},
  volume = {74},
  year = {2014},
}
