@article{solomonik2014massively,
  author = {Solomonik, Edgar and Matthews, Devin and Hammond, Jeff R and
Stanton, John F and Demmel, James},
  journal = {Journal of Parallel and Distributed Computing},
  number = {12},
  pages = {3176--3190},
  publisher = {Academic Press},
  title = {A massively parallel tensor contraction framework for coupled-cluster
computations},
  type = {article},
  volume = {74},
  year = {2014},
}

@article{stantonBartlett1993EomCcsdEquations,
  author = {Stanton, John F. and Bartlett, Rodney J.},
  doi = {10.1063/1.464746},
  issue = {9},
  journal = {The Journal of Chemical Physics},
  month = {05},
  pages = {7029--7039},
  title = {The equation of motion coupled‐cluster method. A systematic biorthogonal approach to molecular excitation energies, transition probabilities, and excited state properties},
  type = {article},
  volume = {98},
  year = {1993},
}

@article{10.10631.460620,
  author = {Stanton, John F. and Gauss, Jürgen and Watts, John D. and Bartlett, Rodney J.},
  doi = {10.1063/1.460620},
  issue = {6},
  journal = {The Journal of Chemical Physics},
  language = {en},
  month = {3},
  pages = {4334--4345},
  publisher = {AIP Publishing},
  title = {A direct product decomposition approach for symmetry exploitation in many‐body methods. I. Energy calculations},
  type = {article},
  url = {http://dx.doi.org/10.1063/1.460620},
  volume = {94},
  year = {1991},
}

@article{10.10631.4961301,
  author = {Booth, George H. and Tsatsoulis, Theodoros and Chan, Garnet Kin-Lic and Grüneis, Andreas},
  doi = {10.1063/1.4961301},
  issue = {8},
  journal = {The Journal of Chemical Physics},
  title = {From plane waves to local Gaussians for the simulation of correlated periodic systems},
  url = {http://aip.scitation.org/doi/am-pdf/10.1063/1.4961301},
  volume = {145},
  year = {2016},
}
@article{10.10160009-26149501329-6,
  author = {Gwaltney, Steven R. and Nooijen, Marcel and Bartlett, Rodney J.},
  doi = {10.1016/0009-2614(95)01329-6},
  issue = {3-4},
  journal = {Chemical Physics Letters},
  pages = {189--198},
  title = {Simplified methods for equation-of-motion coupled-cluster excited state calculations},
  url = {http://api.elsevier.com/content/article/PII:0009261495013296?httpAccept=text/plain},
  volume = {248},
  year = {1996},
}
@article{10.1002pssb.19690350107,
  author = {Dawson, R. K. and Pooley, D.},
  doi = {10.1002/pssb.19690350107},
  issue = {1},
  journal = {physica status solidi (b)},
  month = {None},
  pages = {95--105},
  title = {F Band Absorption in Alkali Halides as a Function of Temperature},
  type = {article},
  volume = {35},
  year = {1969},
}
@article{10.1051jphyscol:1967401,
  author = {Friedel, J.},
  doi = {10.1051/jphyscol:1967401},
  issue = {C4},
  journal = {Le Journal de Physique Colloques},
  month = {8},
  pages = {C4--3--C4--9},
  publisher = {EDP Sciences},
  title = {Structure des centres colorés},
  type = {article},
  url = {http://dx.doi.org/10.1051/jphyscol:1967401},
  volume = {28},
  year = {1967},
}
@article{pohl1925,
  author = {Gudden, B. and Pohl, R.},
  doi = {10.1007/BF02980622},
  issue = {1},
  journal = {Zeitschrift f\"{u}r Physik},
  pages = {651--665},
  title = {\"Uber den lichtelektrischen Prim\"arstrom in NaCl--Kristallen},
  volume = {31},
  year = {1925},
}
@article{10.1103PhysRevB.92.144107,
  author = {Tiwald, Paul and Karsai, Ferenc and Laskowski, Robert and Gräfe, Stefanie and Blaha, Peter and Burgdörfer, Joachim and Wirtz, Ludger},
  doi = {10.1103/PhysRevB.92.144107},
  issue = {14},
  journal = {Physical Review B},
  month = {10},
  title = {Ab initio perspective on the Mollwo-Ivey relation for F centers in alkali halides},
  type = {article},
  url = {http://link.aps.org/article/10.1103/PhysRevB.92.144107},
  volume = {92},
  year = {2015},
}

@article{kresse1996efficiency,
  title={Efficiency of ab-initio total energy calculations for metals and semiconductors using a plane-wave basis set},
  author={Kresse, Georg and Furthm{\"u}ller, J{\"u}rgen},
  journal={Computational materials science},
  volume={6},
  number={1},
  pages={15--50},
  year={1996},
  publisher={Elsevier}
}

@article{stanton1993equation,
  title={The equation of motion coupled-cluster method. A systematic biorthogonal approach to molecular excitation energies, transition probabilities, and excited state properties},
  author={Stanton, John F and Bartlett, Rodney J},
  journal={The Journal of chemical physics},
  volume={98},
  number={9},
  pages={7029--7039},
  year={1993},
  publisher={American Institute of Physics}
}

@article{ajala2019assessment,
  title={Assessment of density functional theory in predicting interaction energies between water and polycyclic aromatic hydrocarbons: from water on benzene to water on graphene},
  author={Ajala, Adeayo O and Voora, Vamsee and Mardirossian, Narbe and Furche, Filipp and Paesani, Francesco},
  journal={Journal of Chemical Theory and Computation},
  volume={15},
  number={4},
  pages={2359--2374},
  year={2019},
  publisher={ACS Publications}
}


@phdthesis{harl2008,
        address = {Vienna},
        title = {The linear response function in density functional theory},
        school = {University of Vienna},
        author = {Harl, Judith},
        year = {2008},
        keywords = {ACFDT, optical, RPA}
}

@article{blochl1994,
        title = {Projector augmented-wave method},
        volume = {50},
        doi = {10.1103/PhysRevB.50.17953},
        number = {24},
        journal = {Physical Review B},
        author = {Blöchl, P. E.},
        year = {1994},
        pages = {17953--17979},
}

@article{kresse1994,
        title = {Norm-conserving and ultrasoft pseudopotentials for first-row and transition elements},
        volume = {6},
        doi = {10.1088/0953-8984/6/40/015},
        number = {40},
        journal = {Journal of Physics: Condensed Matter},
        author = {Kresse, G. and Hafner, J.},
        year = {1994},
        pages = {8245},
}

@article{gruneis2011,
Author = {Gr\"{u}neis, Andreas and Booth, George H. and Marsman, Martijn and Spencer,
   James and Alavi, Ali and Kresse, Georg},
Title = {Natural Orbitals for Wave Function Based Correlated Calculations Using a
   Plane Wave Basis Set},
Journal = {J. Chem. Theory Comput.},
Year = {2011},
Volume = {7},
Number = {9},
Pages = {2780-2785},
}


@article{gruber2018,
  author = {Gruber, Thomas and Liao, Ke and Tsatsoulis, Theodoros and Hummel, Felix and Gr\"uneis, Andreas},
  doi = {10.1103/PhysRevX.8.021043},
  issue = {2},
  journal = {Phys. Rev. X},
  pages = {021043},
  title = {Applying the Coupled-Cluster Ansatz to Solids and Surfaces in the Thermodynamic Limit},
  volume = {8},
  year = {2018},
}

@article{irmler2021,
author = {Irmler, Andreas and Gallo, Alejandro and Gr{\"{u}}neis, Andreas},
doi = {10.1063/5.0050054},
journal = {The Journal of Chemical Physics},
number = {23},
pages = {234103},
title = {{Focal-point approach with pair-specific cusp correction for coupled-cluster theory}},
volume = {154},
year = {2021}
}



@article{hummel2017,
  title={Low rank factorization of the Coulomb integrals for periodic coupled cluster theory},
  author={Hummel, Felix and Tsatsoulis, Theodoros and Gr{\"u}neis, Andreas},
  journal={The Journal of chemical physics},
  volume={146},
  number={12},
  pages={124105},
  year={2017},
  publisher={AIP Publishing LLC}
}

@article{solomonik2014,
  author = {Solomonik, Edgar and Matthews, Devin and Hammond, Jeff R. and Stanton, John F. and Demmel, James},
  doi = {10.21236/ada614387},
  journal = {Journal of Parallel and Distributed Computing},
  number = {12},
  pages = {3176--3190},
  title = {A Massively Parallel Tensor Contraction Framework for Coupled-Cluster Computations},
  volume = {74},
  year = {2014},
}

@article{moerman2022interface,
  title={Interface to high-performance periodic coupled-cluster theory calculations with atom-centered, localized basis functions},
  author={Moerman, Evgeny and Hummel, Felix and Gr{\"u}neis, Andreas and Irmler, Andreas and Scheffler, Matthias},
  journal={arXiv preprint arXiv:2204.06361},
  year={2022}
}

@misc{fhiaims,
  title = {The FHI-aims web page},
  howpublished = {https://fhi-aims.org},
  note = {Accessed: 11-05-2022}
}

@misc{cc4s,
  title = {The Cc4s web page},
  howpublished = {https://manuals.cc4s.org/user-manual/}
}



@article{tonner,
  title = {In collaboration with Ralf Tonner},
  journal = {In collaboration with Ralf Tonner},
}

@article{schafer2021,
  title={Surface science using coupled cluster theory via local Wannier functions and in-RPA-embedding: the case of water on graphitic carbon nitride},
  author={Sch{\"a}fer, Tobias and Gallo, Alejandro and Irmler, Andreas and Hummel, Felix and Gr{\"u}neis, Andreas},
  journal={The Journal of Chemical Physics},
  volume={155},
  number={24},
  pages={244103},
  year={2021},
}

@article{sun2020recent,
  title={Recent developments in the PySCF program package},
  author={Sun, Qiming and Zhang, Xing and Banerjee, Samragni and Bao, Peng and Barbry, Marc and Blunt, Nick S and Bogdanov, Nikolay A and Booth, George H and Chen, Jia and Cui, Zhi-Hao and others},
  journal={The Journal of chemical physics},
  volume={153},
  number={2},
  pages={024109},
  year={2020},
  publisher={AIP Publishing LLC}
}

@Article{Klaucke2020,
  author  = {Franziska Klaucke AND Christian Hoffmann AND Mathias Hofmann AND George Tsatsaronis},
  title   = {Impact of the chlorine value chain on the demand response potential of the chloralkali process},
  journal = {Appl. Energy},
  year    = {2020},
  volume  = {276},
  pages   = {115366},
}

@Article{Hofmann2018,
  author  = {Mathias Hofmann AND George Tsatsaronis},
  title   = {Comparative exergoeconomic assessment of coal-fired power plants–Binary Rankine cycle versus conventional steam cycle},
  journal = {Energy},
  year    = {2018},
  volume  = {142},
  pages   = {168-179},
}

@Book{epple2009,
  title     = {Simulation von Kraftwerken und wärmetechnischen Anlagen},
  publisher = {Springer},
  year      = {2009},
  editor    = {Bernd Epple AND Reinhard Leithner AND Wladimir Linzer AND Heimo Walter},
  address   = {Wien},
}

@Book{gruhn1976,
  title     = {Modellierung und Simulation verfahrenstechnischer Systeme},
  publisher = {Dt. Verlag f. Grundstoffind.},
  year      = {1976},
  author    = {G. Gruhn},
}
