@article{solomonik2014massively,
  author = {Solomonik, Edgar and Matthews, Devin and Hammond, Jeff R and
Stanton, John F and Demmel, James},
  journal = {Journal of Parallel and Distributed Computing},
  number = {12},
  pages = {3176--3190},
  publisher = {Academic Press},
  title = {A massively parallel tensor contraction framework for coupled-cluster
computations},
  type = {article},
  volume = {74},
  year = {2014},
}

@article{stantonBartlett1993EomCcsdEquations,
  author = {Stanton, John F. and Bartlett, Rodney J.},
  doi = {10.1063/1.464746},
  issue = {9},
  journal = {The Journal of Chemical Physics},
  month = {05},
  pages = {7029--7039},
  title = {The equation of motion coupled‐cluster method. A systematic biorthogonal approach to molecular excitation energies, transition probabilities, and excited state properties},
  type = {article},
  volume = {98},
  year = {1993},
}

@article{10.10631.460620,
  author = {Stanton, John F. and Gauss, Jürgen and Watts, John D. and Bartlett, Rodney J.},
  doi = {10.1063/1.460620},
  issue = {6},
  journal = {The Journal of Chemical Physics},
  language = {en},
  month = {3},
  pages = {4334--4345},
  publisher = {AIP Publishing},
  title = {A direct product decomposition approach for symmetry exploitation in many‐body methods. I. Energy calculations},
  type = {article},
  url = {http://dx.doi.org/10.1063/1.460620},
  volume = {94},
  year = {1991},
}
